
@article{alyavina2020mobility,
  title={Mobility as a service and sustainable travel behaviour: A thematic analysis study},
  author={Alyavina, Elena and Nikitas, Alexandros and Njoya, Eric Tchouamou},
  journal={Transportation research part F: traffic psychology and behaviour},
  volume={73},
  pages={362--381},
  year={2020},
  publisher={Elsevier}
}


@article{anable2005all,
  title={All work and no play? The role of instrumental and affective factors in work and leisure journeys by different travel modes},
  author={Anable, Jillian and Gatersleben, Birgitta},
  journal={Transportation Research Part A: Policy and Practice},
  volume={39},
  number={2-3},
  pages={163--181},
  year={2005},
  publisher={Elsevier}
}


@article{basso2020accessibility,
  title={Accessibility to opportunities based on public transport gps-monitored data: The case of Santiago, Chile},
  author={Basso, Franco and Frez, Jonathan and Mart{\'\i}nez, Luis and Pezoa, Ra{\'u}l and Varas, Mauricio},
  journal={Travel Behaviour and Society},
  volume={21},
  pages={140--153},
  year={2020},
  publisher={Elsevier}
}

@article{brutus2017cycling,
  title={Cycling, car, or public transit: a study of stress and mood upon arrival at work},
  author={Brutus, St{\'e}phane and Javadian, Roshan and Panaccio, Alexandra Joelle},
  journal={International journal of workplace health management},
  volume={10},
  number={1},
  pages={13--24},
  year={2017},
  publisher={Emerald Publishing Limited}
}


@article{ettema2011satisfaction,
  title={Satisfaction with travel and subjective well-being: Development and test of a measurement tool},
  author={Ettema, Dick and G{\"a}rling, Tommy and Eriksson, Lars and Friman, Margareta and Olsson, Lars E and Fujii, Satoshi},
  journal={Transportation Research Part F: Traffic Psychology and Behaviour},
  volume={14},
  number={3},
  pages={167--175},
  year={2011},
  publisher={Elsevier}
}

@article{gainza2013urban,
  title={Urban form and the environmental impact of commuting in a segregated city, Santiago de Chile},
  author={Gainza, Xabier and Livert, Felipe},
  journal={Environment and Planning B: Planning and Design},
  volume={40},
  number={3},
  pages={507--522},
  year={2013},
  publisher={SAGE Publications Sage UK: London, England}
}


@article{gardner2007drives,
  title={What drives car use? A grounded theory analysis of commutersâ€™ reasons for driving},
  author={Gardner, Benjamin and Abraham, Charles},
  journal={Transportation Research Part F: Traffic Psychology and Behaviour},
  volume={10},
  number={3},
  pages={187--200},
  year={2007},
  publisher={Elsevier}
}

@article{graells2016sensing,
  title={Sensing urban patterns with antenna mappings: the case of Santiago, Chile},
  author={Graells-Garrido, Eduardo and Peredo, Oscar and Garc{\'\i}a, Jos{\'e}},
  journal={Sensors},
  volume={16},
  number={7},
  pages={1098},
  year={2016},
  publisher={MDPI}
}


@article{hall1994transportation,
  title={Transportation and energy in Santiago, Chile},
  author={Hall, Stephen and Zegras, Christopher and Rojas, Henry Malbr{\'a}n},
  journal={transport Policy},
  volume={1},
  number={4},
  pages={233--243},
  year={1994},
  publisher={Elsevier}
}


@article{jamal2020perceptions,
  title={How do the perceptions of neighborhood conditions impact active transportation? A study in Rajshahi, Bangladesh},
  author={Jamal, Shaila and Mohiuddin, Hossain and Paez, Antonio},
  journal={Transportation Research Part D: Transport and Environment},
  volume={87},
  pages={102525},
  year={2020},
  publisher={Elsevier}
}


@article{legrain2015stressed,
  title={Am stressed, must travel: The relationship between mode choice and commuting stress},
  author={Legrain, Alexander and Eluru, Naveen and El-Geneidy, Ahmed M},
  journal={Transportation research part F: traffic psychology and behaviour},
  volume={34},
  pages={141--151},
  year={2015},
  publisher={Elsevier}
}

@article{lowe2016conceptual,
  title={The conceptual mismatch: A qualitative analysis of transportation costs and stressors for low-income adults},
  author={Lowe, Kate and Mosby, Kim},
  journal={Transport Policy},
  volume={49},
  pages={1--8},
  year={2016},
  publisher={Elsevier}
}



@article{mattisson2018modelling,
  title={Modelling the association between health indicators and commute mode choice: a cross-sectional study in southern Sweden},
  author={Mattisson, Kristoffer and Idris, Ahmed Osman and Cromley, Ellen and H{\aa}kansson, Carita and {\"O}stergren, Per-Olof and Jakobsson, Kristina},
  journal={Journal of Transport \& Health},
  volume={11},
  pages={110--121},
  year={2018},
  publisher={Elsevier}
}


@article{paez2010enjoyment,
  title={Enjoyment of commute: A comparison of different transportation modes},
  author={P{\'a}ez, Antonio and Whalen, Kate},
  journal={Transportation Research Part A: Policy and Practice},
  volume={44},
  number={7},
  pages={537--549},
  year={2010},
  publisher={Elsevier}
}


@article{ureta2008move,
  title={To move or not to move? Social exclusion, accessibility and daily mobility among the low-income population in Santiago, Chile},
  author={Ureta, Sebastian},
  journal={Mobilities},
  volume={3},
  number={2},
  pages={269--289},
  year={2008},
  publisher={Taylor \& Francis}
}

