@article{arribas2021open,
   author = {Arribas-Bel, Dani and Green, Mark and Rowe, Francisco and Singleton, Alex},
   title = {Open data products-A framework for creating valuable analysis ready data},
   journal = {Journal of Geographical Systems},
   volume = {23},
   number = {4},
   pages = {497-514},
   ISSN = {1435-5930},
   DOI = {10.1007/s10109-021-00363-5},
   url = {https://dx.doi.org/10.1007/s10109-021-00363-5},
   year = {2021},
   type = {Journal Article}
}

@misc{Catastro,
   author = {{Registro Central del Catastro}},
   title = {{https://www.sedecatastro.gob.es/ }},
   year = {2021},
 }

@misc{Idealista,
   author = {{idealista}},
   title = {{http://www.idealista.com }},
   howpublished = "\url{ http://www.idealista.com }",
   year = {2018},
 }

@misc{OpenStreetMap,
   author = {{OpenStreetMap contributors}},
   title = {{Planet dump retrieved from https://planet.osm.org }},
   howpublished = "\url{ https://www.openstreetmap.org }",
   year = {2021},
 }

@article{stevens1946theory,
  title={On the theory of scales of measurement},
  author={Stevens, Stanley Smith and others},
  year={1946},
  publisher={Bobbs-Merrill, College Division}
}
